@article{Chatterjee2013,
author="Chatterjee, Krishnendu
and Doyen, Laurent
and Henzinger, Thomas A.",
title="A survey of partial-observation stochastic parity games",
journal="Formal Methods in System Design",
year="2013",
month="Oct",
day="01",
volume="43",
number="2",
pages="268--284",
issn="1572-8102",
doi="10.1007/s10703-012-0164-2",
url="https://doi.org/10.1007/s10703-012-0164-2"
}
@inproceedings{Pnueli1989,
 author = {Pnueli, A. and Rosner, R.},
 title = {On the Synthesis of a Reactive Module},
 booktitle = {Proceedings of the 16th ACM SIGPLAN-SIGACT Symposium on Principles of Programming Languages},
 series = {POPL '89},
 year = {1989},
 isbn = {0-89791-294-2},
 location = {Austin, Texas, USA},
 pages = {179--190},
 numpages = {12},
 url = {http://doi.acm.org/10.1145/75277.75293},
 doi = {10.1145/75277.75293},
 acmid = {75293},
 publisher = {ACM},
 address = {New York, NY, USA},
} 
@inbook{Piterman2006,
author="Piterman, Nir
and Pnueli, Amir
and Sa'ar, Yaniv",
editor="Emerson, E. Allen
and Namjoshi, Kedar S.",
title="Synthesis of Reactive(1) Designs",
bookTitle="Verification, Model Checking, and Abstract Interpretation: 7th International Conference, VMCAI 2006, Charleston, SC, USA, January 8-10, 2006. Proceedings",
year="2006",
publisher="Springer Berlin Heidelberg",
address="Berlin, Heidelberg",
pages="364--380",
doi="10.1007/11609773_24",
url="https://doi.org/10.1007/11609773_24"
}
@ARTICLE{Wong2012, 
author={T. Wongpiromsarn and U. Topcu and R. M. Murray}, 
journal={IEEE Transactions on Automatic Control}, 
title={Receding Horizon Temporal Logic Planning}, 
year={2012}, 
volume={57}, 
number={11}, 
pages={2817-2830}, 
ISSN={0018-9286}, 
month={Nov},}
@INPROCEEDINGS{Kress2007, 
author={H. Kress-Gazit and G. E. Fainekos and G. J. Pappas}, 
booktitle={2007 IEEE/RSJ International Conference on Intelligent Robots and Systems}, 
title={From structured english to robot motion}, 
year={2007}, 
pages={2717-2722}, 
keywords={control engineering computing;mobile robots;motion control;natural language interfaces;path planning;high-level task;linear temporal logic;mobile robots;motion planning problems;natural language interface;robot motion;structured english;Control systems;Humans;Logic;Mobile robots;Motion planning;Natural languages;Robot motion;Robot sensing systems;Robotics and automation;USA Councils}, 
doi={10.1109/IROS.2007.4398998}, 
ISSN={2153-0858}, 
month={Oct},}
@article{Bertoli2006,
title = "Strong planning under partial observability",
journal = "Artificial Intelligence",
volume = "170",
number = "4",
pages = "337 - 384",
year = "2006",
note = "",
issn = "0004-3702",
doi = "http://dx.doi.org/10.1016/j.artint.2006.01.004",
url = "http://www.sciencedirect.com/science/article/pii/S0004370206000075",
author = "Piergiorgio Bertoli and Alessandro Cimatti and Marco Roveri and Paolo Traverso",
}
@inproceedings{Rintanen2004,
  added-at = {2012-12-13T00:00:00.000+0100},
  author = {Rintanen, Jussi},
  biburl = {http://www.bibsonomy.org/bibtex/26679c496da53c33c85b5b9eac51b49af/dblp},
  booktitle = {ICAPS},
  crossref = {conf/aips/2004},
  editor = {Zilberstein, Shlomo and Koehler, Jana and Koenig, Sven},
  ee = {http://www.aaai.org/Library/ICAPS/2004/icaps04-041.php},
  interhash = {6a37f479f833f3d6f8840d281d539a83},
  intrahash = {6679c496da53c33c85b5b9eac51b49af},
  isbn = {1-57735-200-9},
  keywords = {dblp},
  pages = {345-354},
  publisher = {AAAI},
  timestamp = {2012-12-14T11:44:43.000+0100},
  title = {Complexity of Planning with Partial Observability.},
  url = {http://dblp.uni-trier.de/db/conf/aips/icaps2004.html#Rintanen04a},
  year = 2004
}

